
@book{thazin_iot_2019,
	title = {{IoT} based {Hydroponic} {Temperature} and {Humidity} {Control} {System} using {Fuzzy} {Logic}},
	author = {Thazin, Theint and Aung, Zaw and Win, Tun Tun},
	month = mar,
	year = {2019},
	file = {Full Text PDF:C\:\\Users\\luisg\\Zotero\\storage\\DXPWHUAG\\Thazin et al. - 2019 - IoT based Hydroponic Temperature and Humidity Cont.pdf:application/pdf},
}

@article{rajaseger_hydroponics_2023,
	title = {Hydroponics: current trends in sustainable crop production},
	volume = {19},
	issn = {0973-8894},
	shorttitle = {Hydroponics},
	url = {https://www.ncbi.nlm.nih.gov/pmc/articles/PMC10625363/},
	doi = {10.6026/97320630019925},
	number = {9},
	journal = {Bioinformation},
	author = {Rajaseger, Ganapathy and Chan, Kit Lun and Yee Tan, Kay and Ramasamy, Shan and Khin, Mar Cho and Amaladoss, Anburaj and Kadamb Haribhai, Patel},
	month = sep,
	year = {2023},
	pmid = {37928497},
	pmcid = {PMC10625363},
	pages = {925--938},
	file = {Full Text PDF:C\:\\Users\\luisg\\Zotero\\storage\\VXNZX8US\\Rajaseger et al. - 2023 - Hydroponics current trends in sustainable crop pr.pdf:application/pdf},
}

@article{michael_development_2021,
	title = {Development of {Automated} {Monitoring} {System} for {Hydroponics} {Vertical} {Farming}},
	volume = {1844},
	issn = {1742-6588, 1742-6596},
	url = {https://iopscience.iop.org/article/10.1088/1742-6596/1844/1/012024},
	doi = {10.1088/1742-6596/1844/1/012024},
	language = {en},
	number = {1},
	journal = {Journal of Physics: Conference Series},
	author = {Michael, G W and Tay, F S and Then, Y L},
	month = mar,
	year = {2021},
	pages = {012024},
	file = {Michael et al. - 2021 - Development of Automated Monitoring System for Hyd.pdf:C\:\\Users\\luisg\\Zotero\\storage\\ILTAE5KU\\Michael et al. - 2021 - Development of Automated Monitoring System for Hyd.pdf:application/pdf},
}

@article{opacic_nettle_2022,
	title = {Nettle {Cultivation} {Practices}—{From} {Open} {Field} to {Modern} {Hydroponics}: {A} {Case} {Study} of {Specialized} {Metabolites}},
	volume = {11},
	copyright = {http://creativecommons.org/licenses/by/3.0/},
	issn = {2223-7747},
	shorttitle = {Nettle {Cultivation} {Practices}—{From} {Open} {Field} to {Modern} {Hydroponics}},
	url = {https://www.mdpi.com/2223-7747/11/4/483},
	doi = {10.3390/plants11040483},
	language = {en},
	number = {4},
	journal = {Plants},
	author = {Opačić, Nevena and Radman, Sanja and Fabek Uher, Sanja and Benko, Božidar and Voća, Sandra and Šic Žlabur, Jana},
	month = jan,
	year = {2022},
	note = {Number: 4
	Publisher: Multidisciplinary Digital Publishing Institute},
	keywords = {\textit{Urtica dioica}, bioactive compounds, cultivated nettle, functional properties, soilless systems, stress factors},
	pages = {483},
	file = {Full Text PDF:C\:\\Users\\luisg\\Zotero\\storage\\JP7NMX2G\\Opačić et al. - 2022 - Nettle Cultivation Practices—From Open Field to Mo.pdf:application/pdf},
}

@thesis{gonzalez_natareno2021_tesis,
	author = {Oscar Antonio González Natareno},
	title = {Est\underline{}udio de factibilidad de una granja urbana de cultivos hidropónicos localizado en la ciudad de Quetzaltenango, Quetzaltenango.},
	url = {https://repositorio.uvg.edu.gt/xmlui/handle/123456789/4129},
	file = {Full Text PDF:C\:\\Users\\luisg\\Zotero\\storage\\6H7VVUJR\\González Natareno - 2021 - Estudio de factibilidad de una granja urbana de cu.pdf:application/pdf},
	note = {Tesis de licenciatura},
	school = {Universidad Del Valle de Guatemala},
	year = {2021},
}

@incollection{yolanda_implementation_2018,
	title = {Implementation of {Real}-{Time} {Fuzzy} {Logic} {Control} for {NFT}-{Based} {Hydroponic} {System} on {Internet} of {Things} {Environment}},
	url = {https://eprints.itenas.ac.id/144/},
	language = {en},
	publisher = {IEEE},
	author = {Yolanda, Desta and Hindersah, Hilwadi and Hadiatna, Febrian and Triawan, Muhammad Agus},
	year = {2018},
	file = {Full Text PDF:C\:\\Users\\luisg\\Zotero\\storage\\XVG2AAM9\\Yolanda et al. - 2018 - Implementation of Real-Time Fuzzy Logic Control fo.pdf:application/pdf;Snapshot:C\:\\Users\\luisg\\Zotero\\storage\\IFQG8SPY\\144.html:text/html},
}

@article{gonzalez_automating_2020,
	title = {Automating the {Risk} {Out} of {Farming}},
	volume = {142},
	issn = {0025-6501},
	url = {https://doi.org/10.1115/1.2020-AUG1},
	doi = {10.1115/1.2020-AUG1},
	number = {08},
	journal = {Mechanical Engineering},
	author = {González, Carlos M.},
	month = aug,
	year = {2020},
	pages = {32--37},
	file = {Snapshot:C\:\\Users\\luisg\\Zotero\\storage\\33ZUQKK5\\Automating-the-Risk-Out-of-FarmingBy-Introducing.html:text/html},
}

@article{bacco_digitisation_2019,
	title = {The {Digitisation} of {Agriculture}: a {Survey} of {Research} {Activities} on {Smart} {Farming}},
	volume = {3-4},
	issn = {2590-0056},
	shorttitle = {The {Digitisation} of {Agriculture}},
	url = {https://www.sciencedirect.com/science/article/pii/S2590005619300098},
	doi = {10.1016/j.array.2019.100009},
	journal = {Array},
	author = {Bacco, Manlio and Barsocchi, Paolo and Ferro, Erina and Gotta, Alberto and Ruggeri, Massimiliano},
	month = sep,
	year = {2019},
	keywords = {5G, Cloud computing, Edge computing, MEC, Precision farming, Satellite, Smart farming, UAV},
	pages = {100009},
	file = {Full Text:C\:\\Users\\luisg\\Zotero\\storage\\2WY42FGZ\\Bacco et al. - 2019 - The Digitisation of Agriculture a Survey of Resea.pdf:application/pdf;ScienceDirect Snapshot:C\:\\Users\\luisg\\Zotero\\storage\\A6I7U8VY\\S2590005619300098.html:text/html},
}

@inproceedings{arora_automated_2021,
	title = {Automated {Dosing} {System} in {Hydroponics} with {Machine} {Learning}},
	url = {https://ieeexplore.ieee.org/abstract/document/9510115},
	doi = {10.1109/ICCICT50803.2021.9510115},
	booktitle = {2021 {International} {Conference} on {Communication} information and {Computing} {Technology} ({ICCICT})},
	author = {Arora, Utkarsh and Shetty, Shagun and Shah, Rushin and Sinha, Deepak Kumar},
	month = jun,
	year = {2021},
	keywords = {Automation, Computers, Deep learning, Hydroponics, Internet of Things (IoT), Machine learning, Machine learning algorithms, Production, Sociology, Soil, Urban areas},
	pages = {1--6},
	file = {IEEE Xplore Abstract Record:C\:\\Users\\luisg\\Zotero\\storage\\6XIKV8DV\\9510115.html:text/html},
}

@article{tatas_reliable_2022,
	title = {Reliable {IoT}-{Based} {Monitoring} and {Control} of {Hydroponic} {Systems}},
	volume = {10},
	copyright = {http://creativecommons.org/licenses/by/3.0/},
	issn = {2227-7080},
	url = {https://www.mdpi.com/2227-7080/10/1/26},
	doi = {10.3390/technologies10010026},
	language = {en},
	number = {1},
	journal = {Technologies},
	author = {Tatas, Konstantinos and Al-Zoubi, Ahmad and Christofides, Nicholas and Zannettis, Chrysostomos and Chrysostomou, Michael and Panteli, Stavros and Antoniou, Anthony},
	month = feb,
	year = {2022},
	note = {Number: 1
	Publisher: Multidisciplinary Digital Publishing Institute},
	keywords = {hydroponics, IoT, smart agriculture, wireless sensor networks},
	pages = {26},
	file = {Full Text PDF:C\:\\Users\\luisg\\Zotero\\storage\\PVPJI64N\\Tatas et al. - 2022 - Reliable IoT-Based Monitoring and Control of Hydro.pdf:application/pdf},
}

@misc{edengreen_10_nodate,
	author = {Eden Green},
	title = {10 {Benefits} of {Hydroponics} in {Agriculture} \& {Vertical} {Farming}},
	url = {https://www.edengreen.com/blog-collection/benefits-of-hydroponics},
	language = {en-US},
	journal = {Eden Green},
	file = {Snapshot:C\:\\Users\\luisg\\Zotero\\storage\\4XCPLZYS\\benefits-of-hydroponics.html:text/html},
}

@book{solankey_urban_2020,
	title = {Urban {Horticulture}: {Necessity} of the {Future}},
	isbn = {978-1-83880-512-8},
	shorttitle = {Urban {Horticulture}},
	language = {en},
	publisher = {BoD – Books on Demand},
	author = {Solankey, Shashank Shekhar and Akhtar, Shirin and Maldonado, Alejandro Isabel Luna and Rodriguez-Fuentes, Humberto and Contreras, Juan Antonio Vidales and Reyes, Julia Mariana Márquez},
	month = jun,
	year = {2020},
	note = {Google-Books-ID: hEv9DwAAQBAJ},
	keywords = {Science / Life Sciences / Horticulture, Technology \& Engineering / Agriculture / General},
	
}

@article{siddiq_achpa_2019,
	title = {{ACHPA}: {A} sensor based system for automatic environmental control in hydroponics},
	volume = {40},
	issn = {0101-2061, 1678-457X},
	shorttitle = {{ACHPA}},
	url = {https://www.scielo.br/j/cta/a/FgVKjxZXdLbCcthSwdNkkpb/?lang=en},
	doi = {10.1590/fst.13319},
	language = {en},
	journal = {Food Science and Technology},
	author = {Siddiq, Asif and Tariq, Muhammad Owais and Zehra, Anum and Malik, Salman},
	month = dec,
	year = {2019},
	note = {Publisher: Sociedade Brasileira de Ciência e Tecnologia de Alimentos},
	keywords = {hydroponics, controller, environmental control, sensors, yield},
	pages = {671--680},
	file = {Full Text PDF:C\:\\Users\\luisg\\Zotero\\storage\\RMWVLPHV\\Siddiq et al. - 2019 - ACHPA A sensor based system for automatic environ.pdf:application/pdf},
}

@article{suan_sunandha_automated_2019,
	title = {An {Automated} {Hydroponics} {System} {Based} on {Mobile} {Application}},
	volume = {9},
	issn = {20103689},
	url = {http://www.ijiet.org/show-125-1471-1.html},
	doi = {10.18178/ijiet.2019.9.8.1264},
	language = {en},
	number = {8},
	journal = {International Journal of Information and Education Technology},
	author = {{Computer Science Program, Faculty of Science and Technology, Suan Sunandha Rajabhat University, Thailand} and Kularbphettong, Kunyanuth and Ampant, Udomlux and Kongrodj, Nutthaphol},
	year = {2019},
	pages = {548--552},
	file = {Computer Science Program, Faculty of Science and Technology, Suan Sunandha Rajabhat University, Thailand et al. - 2019 - An Automated Hydroponics System Based on Mobile Ap.pdf:C\:\\Users\\luisg\\Zotero\\storage\\XJU3WTSE\\Computer Science Program, Faculty of Science and Technology, Suan Sunandha Rajabhat University, Thailand et al. - 2019 - An Automated Hydroponics System Based on Mobile Ap.pdf:application/pdf},
}

@misc{noauthor_publication_nodate,
	title = {Publication preview page {\textbar} {FAO} {\textbar} {Food} and {Agriculture} {Organization} of the {United} {Nations}},
	url = {https://www.fao.org/documents/card/en?details=734edcc7-5541-4108-8290-9c63cdcef26d/},
	language = {en},
	journal = {FAODocuments},
	file = {Snapshot:C\:\\Users\\luisg\\Zotero\\storage\\IXFDDQCK\\734edcc7-5541-4108-8290-9c63cdcef26d.html:text/html},
}

@article{palande_fully_2018,
	series = {2017 {INTERNATIONAL} {CONFERENCE} {ON} {IDENTIFICATION},{INFORMATION} {AND} {KNOWLEDGEIN} {THE} {INTERNET} {OF} {THINGS}},
	title = {Fully {Automated} {Hydroponic} {System} for {Indoor} {Plant} {Growth}},
	volume = {129},
	issn = {1877-0509},
	url = {https://www.sciencedirect.com/science/article/pii/S1877050918302473},
	doi = {10.1016/j.procs.2018.03.028},
	journal = {Procedia Computer Science},
	author = {Palande, Vaibhav and Zaheer, Adam and George, Kiran},
	month = jan,
	year = {2018},
	keywords = {Internet of Things, Automation, Hydroponics},
	pages = {482--488},
}

@article{abu_sneineh_design_2023,
	title = {Design of a smart hydroponics monitoring system using an {ESP32} microcontroller and the {Internet} of {Things}},
	volume = {11},
	issn = {2215-0161},
	url = {https://www.sciencedirect.com/science/article/pii/S2215016123003977},
	doi = {10.1016/j.mex.2023.102401},
	journal = {MethodsX},
	author = {Abu Sneineh, Anees and Shabaneh, Arafat A. A.},
	month = dec,
	year = {2023},
	keywords = {IoT, Blynk app, ESP32, Monitoring hydroponics, pH sensor, TDS sensor},
	pages = {102401},
	file = {Full Text:C\:\\Users\\luisg\\Zotero\\storage\\599Z4SDJ\\Abu Sneineh and Shabaneh - 2023 - Design of a smart hydroponics monitoring system us.pdf:application/pdf;ScienceDirect Snapshot:C\:\\Users\\luisg\\Zotero\\storage\\8R74U2GA\\S2215016123003977.html:text/html},
}

@article{lages_barbosa_comparison_2015,
	title = {Comparison of {Land}, {Water}, and {Energy} {Requirements} of {Lettuce} {Grown} {Using} {Hydroponic} vs. {Conventional} {Agricultural} {Methods}},
	volume = {12},
	issn = {1661-7827},
	url = {https://www.ncbi.nlm.nih.gov/pmc/articles/PMC4483736/},
	doi = {10.3390/ijerph120606879},
	number = {6},
	journal = {International Journal of Environmental Research and Public Health},
	author = {Lages Barbosa, Guilherme and Almeida Gadelha, Francisca Daiane and Kublik, Natalya and Proctor, Alan and Reichelm, Lucas and Weissinger, Emily and Wohlleb, Gregory M. and Halden, Rolf U.},
	month = jun,
	year = {2015},
	pmid = {26086708},
	pmcid = {PMC4483736},
	pages = {6879--6891},
	file = {PubMed Central Full Text PDF:C\:\\Users\\luisg\\Zotero\\storage\\EJ5YS9AZ\\Lages Barbosa et al. - 2015 - Comparison of Land, Water, and Energy Requirements.pdf:application/pdf},
}

@article{meyering_reducing_2019,
	title = {Reducing {Preharvest} {Bolting} in {Open}-field-grown {Cilantro} ({Coriandrum} sativum {L}. cv. {Santo}) through {Use} of {Growth} {Regulators}},
	volume = {55},
	doi = {10.21273/HORTSCI14614-19},
	journal = {HortScience},
	author = {Meyering, Bo and Hoeffner, Adam and Albrecht, Ute},
	month = dec,
	year = {2019},
	pages = {1--8},
	file = {Full Text:C\:\\Users\\luisg\\Zotero\\storage\\KF37UAMI\\Meyering et al. - 2019 - Reducing Preharvest Bolting in Open-field-grown Ci.pdf:application/pdf},
}

@article{codeluppi_lorafarm_2020,
	title = {{LoRaFarM}: {A} {LoRaWAN}-{Based} {Smart} {Farming} {Modular} {IoT} {Architecture}},
	volume = {20},
	issn = {1424-8220},
	shorttitle = {{LoRaFarM}},
	doi = {10.3390/s20072028},
	language = {eng},
	number = {7},
	journal = {Sensors (Basel, Switzerland)},
	author = {Codeluppi, Gaia and Cilfone, Antonio and Davoli, Luca and Ferrari, Gianluigi},
	month = apr,
	year = {2020},
	pmid = {32260338},
	pmcid = {PMC7180486},
	keywords = {Internet of Things, heterogeneous networks, IEEE 802.11, LoRaWAN, multi-protocol gateway, Smart Agriculture, Smart Farms, WSN},
	pages = {2028},
	file = {Full Text:C\:\\Users\\luisg\\Zotero\\storage\\EPSAEDRU\\Codeluppi et al. - 2020 - LoRaFarM A LoRaWAN-Based Smart Farming Modular Io.pdf:application/pdf},
}

@article{hermawan_development_2022,
	title = {A {Development} of {Web} {Application} for {Hydroponic} {Monitoring} {Systems}},
	volume = {348},
	copyright = {https://creativecommons.org/licenses/by/4.0/},
	issn = {2267-1242},
	url = {https://www.e3s-conferences.org/10.1051/e3sconf/202234800024},
	doi = {10.1051/e3sconf/202234800024},
	language = {en},
	journal = {E3S Web of Conferences},
	author = {Hermawan, Hendi and Uddin, Nur and Darajat, Teddy Mohamad},
	editor = {Farobie, O. and Soma, T. and Arkeman, Y. and Daryanto, A. and Komatsuzaki, M. and Duteurtre, G. and Hermadi, I. and Purwanto, B. and Azhar, A. and Saefurahman, G. and Irawan, S. and Wijaya, H.},
	year = {2022},
	pages = {00024},
	file = {Hermawan et al. - 2022 - A Development of Web Application for Hydroponic Mo.pdf:C\:\\Users\\luisg\\Zotero\\storage\\FRIH5GXZ\\Hermawan et al. - 2022 - A Development of Web Application for Hydroponic Mo.pdf:application/pdf},
}

@incollection{van_os_technical_2019,
	address = {Boston},
	title = {Chapter 13 - {Technical} {Equipment} in {Soilless} {Production} {Systems}},
	isbn = {978-0-444-63696-6},
	url = {https://www.sciencedirect.com/science/article/pii/B978044463696600013X},
	booktitle = {Soilless {Culture} ({Second} {Edition})},
	publisher = {Elsevier},
	author = {van Os, E. A. and Gieling, Th. H. and Lieth, J. Heinrich},
	editor = {Raviv, Michael and Lieth, J. Heinrich and Bar-Tal, Asher},
	month = jan,
	year = {2019},
	doi = {10.1016/B978-0-444-63696-6.00013-X},
	keywords = {aerohydroponics, Injectors, Ion-selective electrode (ISE), polyethylene, polypropylene, polyvinyl chloride (PVC)},
	pages = {587--635},
	file = {ScienceDirect Snapshot:C\:\\Users\\luisg\\Zotero\\storage\\R2DWRL22\\B978044463696600013X.html:text/html;van Os et al. - 2019 - Chapter 13 - Technical Equipment in Soilless Produ.pdf:C\:\\Users\\luisg\\Zotero\\storage\\FG5YJDGK\\van Os et al. - 2019 - Chapter 13 - Technical Equipment in Soilless Produ.pdf:application/pdf},
}

@article{baiyin_flow_rate_2021,
	title = {Effect of the {Flow} {Rate} on {Plant} {Growth} and {Flow} {Visualization} of {Nutrient} {Solution} in {Hydroponics}},
	volume = {7},
	copyright = {http://creativecommons.org/licenses/by/3.0/},
	issn = {2311-7524},
	url = {https://www.mdpi.com/2311-7524/7/8/225},
	doi = {10.3390/horticulturae7080225},
	language = {en},
	number = {8},
	journal = {Horticulturae},
	author = {Baiyin, Bateer and Tagawa, Kotaro and Yamada, Mina and Wang, Xinyan and Yamada, Satoshi and Yamamoto, Sadahiro and Ibaraki, Yasuomi},
	month = aug,
	year = {2021},
	note = {Number: 8
	Publisher: Multidisciplinary Digital Publishing Institute},
	keywords = {drylands agriculture, flow visualization, hydroponics, nutrient uptake, particle image velocimetry},
	pages = {225},
	file = {Full Text PDF:C\:\\Users\\luisg\\Zotero\\storage\\4G9LFPAI\\Baiyin et al. - 2021 - Effect of the Flow Rate on Plant Growth and Flow V.pdf:application/pdf},
}

@article{al-tawaha_flow_rate_nft_2018,
	title = {Effect of water ﬂow rate on quantity and quality of lettuce ({Lactuca} sativa {L}.) in nutrient ﬁlm technique ({NFT}) under hydroponics conditions},
	volume = {24},
	language = {en},
	number = {No 5},
	journal = {Bulgarian Journal of Agricultural Science,},
	author = {Al-Tawaha, Abdel Razzaq and Al-Karaki, Ghazi and Al-Tawaha, Abdel Rahman and Sirajuddin, Sitti Nurani and Makhadmeh, Ibrahim and Wahab, Puteri Edaroyati Megat and Youssef, Refat A and Sultan, Wael Al and Massadeh, Adnan},
	year = {2018},
	pages = {793--800},
	file = {Al-Tawaha et al. - Effect of water ﬂow rate on quantity and quality o.pdf:C\:\\Users\\luisg\\Zotero\\storage\\WHYIIYF7\\Al-Tawaha et al. - Effect of water ﬂow rate on quantity and quality o.pdf:application/pdf},
}

@article{carrasco_empresa_nodate,
	title = {{LA} {EMPRESA} {HIDROPONICA} {DE} {MEDIANA} {ESCALA}: {LA} {TECNICA} {DE} {LA} {SOLUCION} {NUTRITIVA} {RECIRCULANTE} ("{NFT}")},
	language = {es},
	author = {Carrasco, Gilda and Izquierdo, Juan},
	file = {Carrasco and Izquierdo - LA EMPRESA HIDROPONICA DE MEDIANA ESCALA LA TECNI.pdf:C\:\\Users\\luisg\\Zotero\\storage\\2W7MLHK2\\Carrasco and Izquierdo - LA EMPRESA HIDROPONICA DE MEDIANA ESCALA LA TECNI.pdf:application/pdf},
}

@article{marulanda_huerta_2003,
	title = {{LA} {HUERTA} {HIDROPONICA} {POPULAR}},
	language = {es},
	author = {Marulanda, César and Izquierdo, Juan},
	year = {2003},
	file = {Marulanda and Izquierdo - LA HUERTA HIDROPONICA POPULAR.pdf:C\:\\Users\\luisg\\Zotero\\storage\\PEA4CJ8V\\Marulanda and Izquierdo - LA HUERTA HIDROPONICA POPULAR.pdf:application/pdf},
}

@misc{atlas_scientific_nutrient_2023,
	title = {Nutrient {Solution} {For} {Hydroponics} - {The} {Ultimate} {Guide}},
	url = {https://atlas-scientific.com/blog/nutrient-solution-for-hydroponics/},
	language = {en-US},
	journal = {Atlas Scientific},
	author = {Atlas Scientific},
	month = aug,
	year = {2023},
	file = {Snapshot:C\:\\Users\\luisg\\Zotero\\storage\\7H7EZJSV\\nutrient-solution-for-hydroponics.html:text/html},
}

@article{roosta_responses_2024,
	title = {The responses of pepper plants to nitrogen form and dissolved oxygen concentration of nutrient solution in hydroponics},
	volume = {24},
	issn = {1471-2229},
	url = {https://doi.org/10.1186/s12870-024-04943-7},
	doi = {10.1186/s12870-024-04943-7},
	language = {en},
	number = {1},
	journal = {BMC Plant Biology},
	author = {Roosta, Hamid Reza},
	month = apr,
	year = {2024},
	keywords = {Ammonium, Capsicum annuum, Nitrate, Oxygen, Soilless culture},
	pages = {281},
	file = {Full Text PDF:C\:\\Users\\luisg\\Zotero\\storage\\JJAJ4FK9\\Roosta - 2024 - The responses of pepper plants to nitrogen form an.pdf:application/pdf},
}

@misc{DFRobot_DOsensor,
	title = {Gravity Analog Dissolved Oxygen Sensor: SEN0237-{DFRobot}},
	url = {https://wiki.dfrobot.com/Gravity__Analog_Dissolved_Oxygen_Sensor_SKU_SEN0237#top},
	author = {DFRobot},
	file = {Gravity__Analog_Dissolved_Oxygen_Sensor_SKU_SEN0237-DFRobot:C\:\\Users\\luisg\\Zotero\\storage\\WMYBXKPZ\\Gravity__Analog_Dissolved_Oxygen_Sensor_SKU_SEN0237.html:text/html},
}

@misc{DFRobot_ECsensor,
	title = {Gravity Analog Electrical Conductivity Sensor Meter V2 K=1 DFR0300-{DFRobot}},
	url = {https://wiki.dfrobot.com/Gravity__Analog_Electrical_Conductivity_Sensor___Meter_V2__K=1__SKU_DFR0300},
	author = {DFRobot},
	file = {Gravity__Analog_Electrical_Conductivity_Sensor___Meter_V2__K=1__SKU_DFR0300-DFRobot:C\:\\Users\\luisg\\Zotero\\storage\\A6VQCSP9\\Gravity__Analog_Electrical_Conductivity_Sensor___Meter_V2__K=1__SKU_DFR0300.html:text/html},
}

@misc{DFRobot_PHsensor,
	title = {{PH}\_meter\_SKU\_\_SEN0161\_-{DFRobot}},
	url = {https://wiki.dfrobot.com/PH_meter_SKU__SEN0161_},
	author = {DFRobot},
	file = {PH_meter_SKU__SEN0161_-DFRobot:C\:\\Users\\luisg\\Zotero\\storage\\NDFBQHNY\\PH_meter_SKU__SEN0161_.html:text/html},
}

@incollection{wada_theory_2019,
	title = {Chapter 1.1 - {Theory} and {Technology} to {Control} the {Nutrient} {Solution} of {Hydroponics}},
	isbn = {978-0-12-813973-8},
	url = {https://www.sciencedirect.com/science/article/pii/B9780128139738000014},
	publisher = {Elsevier},
	author = {Wada, Teruo},
	editor = {Anpo, Masakazu and Fukuda, Hirokazu and Wada, Teruo},
	month = jan,
	year = {2019},
	doi = {10.1016/B978-0-12-813973-8.00001-4},
	keywords = {Electric conductivity (EC), Essential elements, Hydroponics, Nutrient composition, Nutrient solution, Nutrient uptake, pH},
	pages = {5--14},
	file = {ScienceDirect Snapshot:C\:\\Users\\luisg\\Zotero\\storage\\MU4L33EH\\B9780128139738000014.html:text/html},
}

@incollection{voogt_nutrient_2019,
	address = {Boston},
	title = {Chapter 10 - {Water} and {Nutrient} {Management} and {Crops} {Response} to {Nutrient} {Solution} {Recycling} in {Soilless} {Growing} {Systems} in {Greenhouses}},
	isbn = {978-0-444-63696-6},
	url = {https://www.sciencedirect.com/science/article/pii/B9780444636966000104},
	booktitle = {Soilless {Culture} ({Second} {Edition})},
	publisher = {Elsevier},
	author = {Voogt, Wim and Bar-Yosef, B.},
	editor = {Raviv, Michael and Lieth, J. Heinrich and Bar-Tal, Asher},
	month = jan,
	year = {2019},
	doi = {10.1016/B978-0-444-63696-6.00010-4},
	keywords = {Closed system, DFT, discharge rate, discharge strategy, dissolved organic carbon, EC control, hydroponics, K:Ca ratio, leaching fraction, modelling, Na accumulation, NFT, NH:NO ratio, nutrient accumulation, nutrient depletion, nutrient replenishment, pH control, recirculation, salinity, target nutrient concentration, threshold EC, uptake concentration, water quality},
	pages = {425--507},
	file = {ScienceDirect Snapshot:C\:\\Users\\luisg\\Zotero\\storage\\LRK95SAT\\B9780444636966000104.html:text/html},
}

@misc{la_electronica_DS18B20,
	title = {Sensor de temperatura tipo sonda {DS18B20}},
	url = {https://laelectronica.com.gt/sensor-de-temperatura-tipo-sonda-ds18b20},
	language = {es},
	journal = {La Electrónica},
	author = {La Electrónica},
	file = {Snapshot:C\:\\Users\\luisg\\Zotero\\storage\\NG2RGZHK\\sensor-de-temperatura-tipo-sonda-ds18b20.html:text/html},
}

@misc{la_electronica_DS3231,
	title = {Módulo reloj {RTC} {DS3231}},
	url = {https://laelectronica.com.gt/modulo-de-reloj-rtc-ds3231},
	language = {es},
	journal = {La Electrónica},
	author = {La Electrónica},
	file = {Snapshot:C\:\\Users\\luisg\\Zotero\\storage\\2NUQHBIK\\modulo-de-reloj-rtc-ds3231.html:text/html},
}

@misc{rndnerd_getting_2022,
	title = {Getting {Started} with the {ESP32} {Development} {Board} {\textbar} {Random} {Nerd} {Tutorials}},
	url = {https://randomnerdtutorials.com/getting-started-with-esp32/},
	language = {en-US},
	author = {Random Nerd Tutorials},
	month = nov,
	year = {2022},
	file = {Snapshot:C\:\\Users\\luisg\\Zotero\\storage\\FR9KZ8D8\\getting-started-with-esp32.html:text/html},
}

@misc{redhat_IoT_2019,
	title = {What is {IoT}?},
	url = {https://www.redhat.com/en/topics/internet-of-things/what-is-iot},
	language = {en},
	author = {RedHat},
	year = {2019},
}

@misc{hivemq_mqtt,
	title = {{MQTT} {Essentials} - {All} {Core} {Concepts} {Explained}},
	url = {https://www.hivemq.com/mqtt/},
	language = {en},
	author = {HiveMQ},
	note = {Section: website},
	file = {Snapshot:C\:\\Users\\luisg\\Zotero\\storage\\3ZJHIS72\\mqtt.html:text/html},
}

@misc{mqtt_mqtt_standard,
	title = {{MQTT} - {The} {Standard} for {IoT} {Messaging}},
	url = {https://mqtt.org/},
	author = {MQTT},
	file = {MQTT - The Standard for IoT Messaging:C\:\\Users\\luisg\\Zotero\\storage\\D75QJRZZ\\mqtt.org.html:text/html},
}

@misc{dweet_dweetio_faq,
	title = {dweet.io - {Share} your thing- like it ain't no thang.},
	url = {https://dweet.io/faq},
	author = {Dweet},
	file = {dweet.io - Share your thing- like it ain't no thang.:C\:\\Users\\luisg\\Zotero\\storage\\FIY29NC2\\faq.html:text/html},
}

@incollection{raviv_soilless_2019,
	address = {Boston},
	title = {Chapter 1 - {Significance} of {Soilless} {Culture} in {Agriculture}},
	isbn = {978-0-444-63696-6},
	url = {https://www.sciencedirect.com/science/article/pii/B9780444636966000013},
	booktitle = {Soilless {Culture} ({Second} {Edition})},
	publisher = {Elsevier},
	author = {Raviv, Michael and Lieth, J. Heinrich and Bar-Tal, Asher},
	editor = {Raviv, Michael and Lieth, J. Heinrich and Bar-Tal, Asher},
	month = jan,
	year = {2019},
	doi = {10.1016/B978-0-444-63696-6.00001-3},
	keywords = {Bark, coconut coir, glass wool, growing medium, hydroponics, peat, sawdust, soil, soil-borne disease, soilless culture, stone wool, substrate, tuff},
	pages = {3--14},
	file = {ScienceDirect Snapshot:C\:\\Users\\luisg\\Zotero\\storage\\BQ65AVNE\\B9780444636966000013.html:text/html},
}

@book{verbruggen_fuzzy_1999,
	title = {Fuzzy {Logic} {Control}: {Advances} in {Applications}},
	isbn = {978-981-02-3825-4},
	shorttitle = {Fuzzy {Logic} {Control}},
	language = {en},
	publisher = {World Scientific},
	author = {Verbruggen, H. B. and Babu?ka, Robert},
	year = {1999},
	note = {Google-Books-ID: 5vRmd\_VIFFQC},
	keywords = {Computers / Intelligence (AI) \& Semantics, Technology \& Engineering / Electrical, Technology \& Engineering / Mechanical},
}

@misc{NutrientFilmTechnique_2023,
	title = {What is the {Hydroponic} {Nutrient}-{Film}-{Technique} ({NFT})},
	url = {https://hydroplanner.com/blog/hydroponic-nutrient-film-technique-nft},
	language = {en},
	author = {Adelmann, T.},
	month = jan,
	year = {2023},
	file = {Snapshot:C\:\\Users\\luisg\\Zotero\\storage\\3U5AR574\\hydroponic-nutrient-film-technique-nft.html:text/html},
}

@misc{grizhnevich_iot_2018,
	title = {{IoT} {Architecture} {Explained}: {Building} {Blocks} and {How} {They} {Work}},
	shorttitle = {{IoT} {Architecture} {Explained}},
	url = {https://www.scnsoft.com/blog/iot-architecture-in-a-nutshell-and-how-it-works},
	language = {en},
	author = {Grizhnevich, Alex},
	month = apr,
	year = {2018},
	note = {Section: Internet of Things},
	file = {Snapshot:C\:\\Users\\luisg\\Zotero\\storage\\I72CMHYZ\\iot-architecture-in-a-nutshell-and-how-it-works.html:text/html},
}

@misc{letpot_nodate,
	title = {How to grow cilantro hydroponically indoors: {A} {Beginner}’s {Guide}},
	shorttitle = {How to grow cilantro hydroponically indoors},
	url = {https://letpot.com/blogs/hydroponic-plant-growing-knowledge-and-tips/how-to-grow-cilantro-hydroponically-indoors-a-beginner-s-guide},
	language = {en},
	journal = {LetPot's garden},
	author = {LetPot},
	file = {Snapshot:C\:\\Users\\luisg\\Zotero\\storage\\C7QTCD4E\\how-to-grow-cilantro-hydroponically-indoors-a-beginner-s-guide.html:text/html},
}

@article{mondol_use_2023,
	title = {Use of {Low} {Cost} {Hydroponics} {Technique} for {Growing} {Coriander} at {Laboratory} {Conditions}},
	volume = {29},
	doi = {10.53550/EEC.2023.v29i02.009},
	journal = {Ecology, Environment and Conservation},
	author = {Mondol, Shreya and Das, Ankan},
	month = jan,
	year = {2023},
	pages = {589--595},
	file = {Full Text PDF:C\:\\Users\\luisg\\Zotero\\storage\\PKLRA7QC\\Mondol and Das - 2023 - Use of Low Cost Hydroponics Technique for Growing .pdf:application/pdf},
}

@article{currey_nutrient_2019,
	title = {Nutrient {Solution} {Strength} {Does} {Not} {Interact} with the {Daily} {Light} {Integral} to {Affect} {Hydroponic} {Cilantro}, {Dill}, and {Parsley} {Growth} and {Tissue} {Mineral} {Nutrient} {Concentrations}},
	volume = {9},
	doi = {10.3390/agronomy9070389},
	journal = {Agronomy},
	author = {Currey, Christopher and Walters, Kellie and Flax, Nicholas},
	month = jul,
	year = {2019},
	pages = {389},
	file = {Full Text:C\:\\Users\\luisg\\Zotero\\storage\\U95Y7IWF\\Currey et al. - 2019 - Nutrient Solution Strength Does Not Interact with .pdf:application/pdf},
}


@misc{overview_http_mozilla_2024,
	title = {An overview of {HTTP} - {HTTP} {\textbar} {MDN}},
	url = {https://developer.mozilla.org/en-US/docs/Web/HTTP/Overview},
	language = {en-US},
	author = {Mozzila Developer Web Docs},
	month = jun,
	year = {2024},
	file = {Snapshot:C\:\\Users\\luisg\\Zotero\\storage\\RFJB4QZ3\\Overview.html:text/html},
}

@misc{Evolution_http_Mozilla_2024,
	title = {Evolution of {HTTP} - {HTTP} {\textbar} {MDN}},
	url = {https://developer.mozilla.org/en-US/docs/Web/HTTP/Basics_of_HTTP/Evolution_of_HTTP},
	language = {en-US},
	author = {Mozzila Developer Web Docs},
	month = may,
	year = {2024},
	file = {Snapshot:C\:\\Users\\luisg\\Zotero\\storage\\2X2XYRGE\\Evolution_of_HTTP.html:text/html},
}

@misc{fielding_hypertext_1999,
	title = {Hypertext {Transfer} {Protocol} -- {HTTP}/1.1},
	url = {https://www.w3.org/Protocols/HTTP/1.1/rfc2616.pdf},
	author = {Fielding, R and Gettys, J and Mogul, J. C and Frystyk, H and Masinter, L and Leach, P and Berners-Lee, Tim},
	month = jun,
	year = {1999},
	file = {rfc2616.pdf:C\:\\Users\\luisg\\Zotero\\storage\\N5DJ5U4C\\rfc2616.pdf:application/pdf},
}

@incollection{chang_quimica_1995,
	address = {México D.F.},
	title = {Química},
	copyright = {McGRAW-HILL/INTERAMERICANA EDITORES, S.A. DE C.V.},
	language = {Español},
	booktitle = {Química},
	publisher = {Mc. Graw-Hill/Interamericana Editores, S.A. De C. V.},
	author = {Chang, Raymond and Goldsby, Kenneth A.},
	year = {1995},
}


@misc{electronic_wings_espwroom32,
	title = {Introduction to {ESP32} {\textbar} {ESP32}},
	url = {https://www.electronicwings.com/esp32/introduction-to-esp32},
	language = {en},
	author = {Electronic Wings},
	file = {Snapshot:C\:\\Users\\luisg\\Zotero\\storage\\3F8Y674E\\introduction-to-esp32.html:text/html},
}

@article{rusu_overview_2021,
	title = {Overview of {Multiple} {Applications} of {Basil} {Species} and {Cultivars} and the {Effects} of {Production} {Environmental} {Parameters} on {Yields} and {Secondary} {Metabolites} in {Hydroponic} {Systems}},
	volume = {13},
	copyright = {http://creativecommons.org/licenses/by/3.0/},
	issn = {2071-1050},
	url = {https://www.mdpi.com/2071-1050/13/20/11332},
	doi = {10.3390/su132011332},
	language = {en},
	number = {20},
	journal = {Sustainability},
	author = {Rusu, Teodor and Cowden, Reed John and Moraru, Paula Ioana and Maxim, Mihai Avram and Ghaley, Bhim Bahadur},
	month = jan,
	year = {2021},
	note = {Number: 20
	Publisher: Multidisciplinary Digital Publishing Institute},
	keywords = {basil, hydroponic system, microgreens, production environment parameters},
	pages = {11332},
	file = {Full Text PDF:C\:\\Users\\luisg\\Zotero\\storage\\P39XK85J\\Rusu et al. - 2021 - Overview of Multiple Applications of Basil Species.pdf:application/pdf},
}

@article{chia_critical_2022,
	title = {A critical review on the influence of humidity for plant growth forecasting},
	volume = {1257},
	issn = {1757-899X},
	url = {https://dx.doi.org/10.1088/1757-899X/1257/1/012001},
	doi = {10.1088/1757-899X/1257/1/012001},
	language = {en},
	number = {1},
	journal = {IOP Conference Series: Materials Science and Engineering},
	author = {Chia, S. Y. and Lim, M. W.},
	month = oct,
	year = {2022},
	note = {Publisher: IOP Publishing},
	pages = {012001},
	file = {IOP Full Text PDF:C\:\\Users\\luisg\\Zotero\\storage\\B2W4R83B\\Chia and Lim - 2022 - A critical review on the influence of humidity for.pdf:application/pdf},
}

@article{bita_plant_2013,
	title = {Plant tolerance to high temperature in a changing environment: scientific fundamentals and production of heat stress-tolerant crops},
	volume = {4},
	issn = {1664-462X},
	shorttitle = {Plant tolerance to high temperature in a changing environment},
	url = {https://www.frontiersin.org/journals/plant-science/articles/10.3389/fpls.2013.00273/full},
	doi = {10.3389/fpls.2013.00273},
	language = {English},
	journal = {Frontiers in Plant Science},
	author = {Bita, Craita and Gerats, Tom},
	month = jul,
	year = {2013},
	note = {Publisher: Frontiers},
	keywords = {Abiotic stress tolerance, crop productivity, Food security, Global Warming, heat tolerance, Reproductive development},
	file = {Full Text:C\:\\Users\\luisg\\Zotero\\storage\\52X746EC\\Bita and Gerats - 2013 - Plant tolerance to high temperature in a changing .pdf:application/pdf},
}

@misc{tettsa_dht11,
	title = {{SENSOR} {DE} {TEMPERATURA} {Y} {HUMEDAD} {DHT11} {\textbar} {Tettsa} - {Tienda}},
	url = {https://tienda.tettsa.gt/producto/sensor-de-temperatura-y-humedad-dht11/},
	language = {es},
	author = {Tettsa},
	file = {Snapshot:C\:\\Users\\luisg\\Zotero\\storage\\7SEXC2F5\\sensor-de-temperatura-y-humedad-dht11.html:text/html},
}

@misc{adafruit_dht11,
	title = {{DHT11} basic temperature-humidity sensor + extras},
	url = {https://www.adafruit.com/product/386},
	language = {en-US},
	author = {Adafruit},
	file = {Snapshot:C\:\\Users\\luisg\\Zotero\\storage\\65XZPAH4\\386.html:text/html},
}

@misc{matweb_al6061_T6,
	title = {Aluminum 6061-{T6}; 6061-{T651}},
	url = {https://www.matweb.com/search/DataSheet.aspx?MatGUID=b8d536e0b9b54bd7b69e4124d8f1d20a&ckck=1},
	language = {EN},
	urldate = {2024-09-13},
	author = {MatWeb},
	file = {Aluminum 6061-T6\; 6061-T651:C\:\\Users\\luisg\\Zotero\\storage\\6ILSCFPQ\\DataSheet.html:text/html},
}

